%bibtex entries

@Book{Kimball96,
 author    = "R. Kimball",
 title     = "The Data Warehouse Toolkit",
 publisher = "John Wiley \& Sons",
 edition   = "{F}irst",
 year      = 1996,
}

@Book{Kimball02,
 author    = "R. Kimball",
 title     = "The Data Warehouse Toolkit",
 publisher = "John Wiley \& Sons",
 edition   = "{S}econd",
 year      = 2002,
}

@Book{Inmon92,
 author    = "W.H. Inmon",
 title     = "Building the Data Warehouse",
 publisher = "QED Press/John Wiley",
 edition   = "{T}hird",
 year      = 1992,
}
